@book{smith2005smart,
  title={smart material systems: model development},
  author={Smith, Ralph C},
  year={2005},
  publisher={SIAM}
}

@Misc{smith2004model,
author =   {Smith, Ralph C and Massad, Jordan E.},
title =    {Homogenized Energy Model for {SMA}},
howpublished = {\url{https://rsmith.math.ncsu.edu/smart_Material_Systems/Chapter5/}},
year = {2004}
}

@article{morris2011hysteresis,
  title={What is hysteresis?},
  author={Morris, KA},
  journal={Applied Mechanics Reviews},
  volume={64},
  number={5},
  year={2011},
  publisher={American Society of Mechanical Engineers Digital Collection}
}

@article{pillai2018modeling,
  title={Modeling and simulation of a shape memory alloy spring actuated flexible parallel manipulator},
  author={Pillai, Ranjith and Murali, G and Gopal, M},
  journal={Procedia Computer Science},
  volume={133},
  pages={895--904},
  year={2018},
  publisher={Elsevier}
}

@article{ma1995algorithms,
  title={On algorithms for nonconvex optimization in the calculus of variations},
  author={Ma, Ling and Walkington, Noel J},
  journal={SIAM journal on numerical analysis},
  volume={32},
  number={3},
  pages={900--923},
  year={1995},
  publisher={SIAM}
}

@article{hartl2007aerospace,
  title={Aerospace applications of shape memory alloys},
  author={Hartl, Darren J and Lagoudas, Dimitris C},
  journal={Proceedings of the Institution of Mechanical Engineers, Part G: Journal of Aerospace Engineering},
  volume={221},
  number={4},
  pages={535--552},
  year={2007},
  publisher={SAGE Publications Sage UK: London, England}
}

@article{elahi2018response,
  title={Response of piezoelectric materials on thermomechanical shocking and electrical shocking for aerospace applications},
  author={Elahi, Hassan and Eugeni, Marco and Gaudenzi, Paolo and Qayyum, Faisal and Swati, Raees Fida and Khan, Hayat Muhammad},
  journal={Microsystem Technologies},
  volume={24},
  number={9},
  pages={3791--3798},
  year={2018},
  publisher={Springer}
}

@inproceedings{al2017magnetostrictive,
  title={Magnetostrictive materials for aerospace applications},
  author={Al-Taher, A and Reiss, RW and Lafferty, AD and Hayes, SA and Lupu, N and Murgulescu, I and Morley, NA},
  booktitle={Journal of Physics: Conference Series},
  volume={903},
  number={1},
  year={2017},
  organization={IOP Publishing}
}

@article{gorbet2001passivity,
  title={Passivity-based stability and control of hysteresis in smart actuators},
  author={Gorbet, Robert B and Morris, Kirsten A and Wang, David WL},
  journal={IEEE Transactions on control systems technology},
  volume={9},
  number={1},
  pages={5--16},
  year={2001},
  publisher={IEEE}
}

@article{sharma2020flying,
  title={Flying smart: smart materials used in aviation industry},
  author={Sharma, Keshav and Srinivas, G},
  journal={Materials Today: Proceedings},
  volume={27},
  pages={244--250},
  year={2020},
  publisher={Elsevier}
}

@article{wang2012variational,
  title={A variational approach towards the modeling of magnetic field-induced strains in magnetic shape memory alloys},
  author={Wang, Jiong and Steinmann, Paul},
  journal={Journal of the Mechanics and Physics of Solids},
  volume={60},
  number={6},
  pages={1179--1200},
  year={2012},
  publisher={Elsevier}
}

@article{peigney2013incremental,
  title={An incremental variational approach to coupled thermo-mechanical problems in anelastic solids. Application to shape-memory alloys},
  author={Peigney, Micha{\"e}l and Seguin, Jean-Philippe},
  journal={International Journal of Solids and Structures},
  volume={50},
  number={24},
  pages={4043--4054},
  year={2013},
  publisher={Elsevier}
}

@article{auricchio2004three,
  title={A three-dimensional model describing stress-temperature induced solid phase transformations: solution algorithm and boundary value problems},
  author={Auricchio, Ferdinando and Petrini, Lorenza},
  journal={International journal for numerical methods in engineering},
  volume={61},
  number={6},
  pages={807--836},
  year={2004},
  publisher={Wiley Online Library}
}

@article{bashir2017shape,
  title={Shape memory materials and their applications in aircraft morphing: an introspective study},
  author={Bashir, Musavir and Lee, Chih Fang and Rajendran, Parvathy},
  journal={J Eng Appl Sci},
  volume={12},
  pages={50--56},
  year={2017}
}

@article{costanza2020shape,
  title={Shape Memory Alloys for Aerospace, Recent Developments, and New Applications: A Short Review},
  author={Costanza, Girolamo and Tata, Maria Elisa},
  journal={Materials},
  volume={13},
  number={8},
  pages={1856},
  year={2020},
  publisher={Multidisciplinary Digital Publishing Institute}
}

@article{bovesecchi2019novel,
  title={A novel self-deployable solar sail system activated by shape memory alloys},
  author={Bovesecchi, Gianluigi and Corasaniti, Sandra and Costanza, Girolamo and Tata, Maria Elisa},
  journal={Aerospace},
  volume={6},
  number={7},
  pages={78},
  year={2019},
  publisher={Multidisciplinary Digital Publishing Institute}
}

@article{auricchio2016gradient,
  title={Gradient structures for the thermomechanics of shape-memory materials},
  author={Auricchio, Ferdinando and Boatti, Elisa and Reali, Alessandro and Stefanelli, Ulisse},
  journal={Computer Methods in Applied Mechanics and Engineering},
  volume={299},
  pages={440--469},
  year={2016},
  publisher={Elsevier}
}

@article{barbarino2011review,
  title={A review of morphing aircraft},
  author={Barbarino, Silvestro and Bilgen, Onur and Ajaj, Rafic M and Friswell, Michael I and Inman, Daniel J},
  journal={Journal of intelligent material systems and structures},
  volume={22},
  number={9},
  pages={823--877},
  year={2011},
  publisher={Sage Publications Sage UK: London, England}
}

@article{brailovski2010sma,
  title={{SMA} actuators for morphing wings},
  author={Brailovski, Vladimir and Terriault, Patrick and Georges, Thomas and Coutu, Daniel},
  journal={Physics Procedia},
  volume={10},
  pages={197--203},
  year={2010},
  publisher={Elsevier}
}

@article{massad2005homogenized,
  title={A homogenized free energy model for hysteresis in thin-film shape memory alloys},
  author={Massad, Jordan E and Smith, Ralph C},
  journal={Thin Solid Films},
  volume={489},
  number={1-2},
  pages={266--290},
  year={2005},
  publisher={Elsevier}
}

@article{massad2003macroscopic,
  title={Macroscopic models for shape memory alloy characterization and design},
  author={Massad, Jordan Elias and others},
  year={2003}
}

@article{hughes1999pyroshock,
  title={Pyroshock Environments Characterized for Spacecraft Missions},
  author={Hughes, William O and McNelis, Anne M},
  year={1999}
}

@article{kauffman1993memory,
  title={Memory metal},
  author={Kauffman, George and Mayo, Isaac},
  journal={Chem Matters},
  volume={11},
  pages={4},
  year={1993}
}

@misc{mayometalwithmemory,
  title={Metal with Memory},
  author={Mayo, Isaac},
  year={1993},
  publisher={Invention&Technology. ChemMatters}
}

@article{lebedev1901investigations,
  title={Investigations on the pressure forces of light},
  author={Lebedev, Peter},
  journal={Annals of Physics},
  volume={6},
  pages={433--458},
  year={1901}
}

@inproceedings{willey2001design,
  title={Design and development of a miniature mechanisms tool-kit for micro spacecraft},
  author={Willey, Cliff E and Huettl, Brett and Hill, Stuart W},
  booktitle={35 th Aerospace Mechanisms Symposium},
  volume={1},
  year={2001}
}

@inproceedings{peffer2000development,
  title={Development and transition of low-shock spacecraft release devices},
  author={Peffer, Andrew and Denoyer, Keith and Fosness, Eugene and Sciulli, Dino},
  booktitle={2000 IEEE Aerospace Conference. Proceedings (Cat. No. 00TH8484)},
  volume={4},
  pages={277--284},
  year={2000},
  organization={IEEE}
}

@inproceedings{godard2003design,
  title={Design of space systems using shape memory alloys},
  author={Godard, Olivier J and Lagoudas, Magdalini Z and Lagoudas, Dimitris C},
  booktitle={smart Structures and Materials 2003: smart Structures and Integrated Systems},
  volume={5056},
  pages={545--558},
  year={2003},
  organization={International Society for Optics and Photonics}
}

@article{huett2000design,
  title={Design and development of miniature mechanisms for small spacecraft},
  author={Huett, Brett and Willey, Cliff},
  year={2000}
}

@article{webster1984magnetic,
  title={Magnetic order and phase transformation in {Ni2MnGa}},
  author={Webster, PJ and Ziebeck, KRA and Town, SL and Peak, MS},
  journal={Philosophical Magazine B},
  volume={49},
  number={3},
  pages={295--310},
  year={1984},
  publisher={Taylor \& Francis}
}

@article{ullakko1996large,
  title={Large magnetic-field-induced strains in {Ni2MnGa} single crystals},
  author={Ullakko, Kari and Huang, JK and Kantner, C and Oâ€™handley, RC and Kokorin, VV},
  journal={Applied Physics Letters},
  volume={69},
  number={13},
  pages={1966--1968},
  year={1996},
  publisher={American Institute of Physics}
}

@article{tickle1999magnetic,
  title={Magnetic and magnetomechanical properties of {Ni2MnGa}},
  author={Tickle, R and James, Richard D},
  journal={Journal of Magnetism and Magnetic Materials},
  volume={195},
  number={3},
  pages={627--638},
  year={1999},
  publisher={Elsevier}
}

@book{callen1985thermodynamics,
  title={Thermodynamics and an Introduction to Thermostatistics},
  author={Callen, H.B.},
  isbn={9780471862567},
  lccn={lc85006387},
  url={https://books.google.ca/books?id=m\_39DwAAQBAJ},
  year={1985},
  publisher={Wiley}
}

@book{blundell2010concepts,
  title={Concepts in Thermal Physics},
  author={Blundell, S.J. and Blundell, K.M.},
  isbn={9780199562091},
  lccn={2009517087},
  url={https://books.google.ca/books?id=T0luBAAAQBAJ},
  year={2010},
  publisher={OUP Oxford}
}

@article{nasa_2017, 
  title={Reinventing the Wheel}, 
  url={https://www.nasa.gov/specials/wheels/}, 
  journal={NASA}, 
  publisher={NASA Glenn Research Center},
  note = {Available at \url{https://www.nasa.gov/specials/wheels/}},
  year={2017}, 
  month={Oct},
}

@book{coursenotes,
  title={AMATH 456 Course Notes},
  author={Morris, K.A.},
  year={2020},
  publisher={University of Waterloo}
}
